@article{Kulkarni2023,
  author = {R. Kulkarni and M. Takalikar and N. Awatade and A. Bhalgat},
  title = {DL Based Speech to Text Converter for Audio Visual Applications},
  journal = {2023 IEEE International Conference on ICT in Business Industry \& Government (ICTBIG)},
  year = {2023},
  pages = {1-4},
  doi = {10.1109/ICTBIG59752.2023.10456000}
}

@article{Rybach2009,
  author = {David Rybach and Christian Gollan and Ralf Schl√ºter and Hermann Ney},
  title = {Audio segmentation for speech recognition using segment features},
  journal = {Proceedings of the IEEE International Conference on Acoustics, Speech, and Signal Processing (ICASSP)},
  year = {2009},
  pages = {4197-4200},
  doi = {10.1109/ICASSP.2009.4960554}
}

@article{Andreyev2025,
  author = {A. Andreyev},
  title = {Quantization for OpenAI's Whisper Models: A Comparative Analysis},
  journal = {arXiv preprint arXiv:2503.09905},
  year = {2025}
}

@misc{OpenAI2022,
  author = {OpenAI},
  title = {Whisper},
  year = {2022},
  note = {Available: https://openai.com/index/whisper/},
  howpublished = {\url{https://openai.com/index/whisper/}},
  month = {Sep},
  year = {2022}
}

@inproceedings{McAuliffe2017,
  author = {M. McAuliffe and M. Socolof and S. Mihuc and M. Wagner and M. Sonderegger},
  title = {Montreal forced aligner: Trainable text-speech alignment using Kaldi},
  booktitle = {Proceedings of Interspeech},
  year = {2017},
  pages = {498-502}
}

@misc{Greenleaf2001,
  author = {Greenleaf2001},
  title = {SOFA-Modded: Singing-Oriented Forced Aligner},
  year = {n.d.},
  howpublished = {\url{https://github.com/Greenleaf2001/SOFA-Modded}},
  note = {Retrieved April 8, 2025}
}

@misc{spicytigermeat,
  author = {spicytigermeat},
  title = {LabelMakr: A GUI Toolkit for SVS Label Generation},
  year = {n.d.},
  howpublished = {\url{https://github.com/spicytigermeat/LabelMakr}},
}

@misc{openvpi,
  author = {openvpi},
  title = {Release SlurCutter 0.0.1.2 for MIDI refinement},
  year = {n.d.},
  howpublished = {\url{https://github.com/openvpi/SlurCutter}},
}

@article{Morrison2024,
  author = {M. Morrison and C. Churchwell and N. Pruyne and B. Pardo},
  title = {Fine-grained and interpretable neural speech editing},
  journal = {arXiv preprint arXiv:2407.05471},
  year = {2024}
}

@misc{nnsvsdbconverter,
  author = {UtaUtaUtau},
  title = {nnsvs-db-converter},
  year = {2025},
  howpublished = {\url{https://github.com/UtaUtaUtau/nnsvs-db-converter}},
  note = {Accessed: 2025-04-08}
}

@misc{ji2020comprehensivesurveydeepmusic,
  title         = {A Comprehensive Survey on Deep Music Generation: Multi-level Representations, Algorithms, Evaluations, and Future Directions},
  author        = {Shulei Ji and Jing Luo and Xinyu Yang},
  year          = {2020},
  eprint        = {2011.06801},
  archiveprefix = {arXiv},
  primaryclass  = {cs.SD},
  url           = {https://arxiv.org/abs/2011.06801}
}